@misc{1,
title  = {Storj Core Tutorial: Protocol Specification},
author = {G. Hall},
note   = {\url{https://storj.github.io/core/tutorial-protocol-spec.html}},
year   = {(2016)},
},

@misc{2,
title  = {Kademlia: A Peer-to-peer Information System. Based on the XOR Metric},
author = {P. Maymounkov{,} D. Mazi–®eres},
note   = {\url{https://pdos.csail.mit.edu/~petar/papers/maymounkov-kademlia-lncs.pdf}},
year   = {(2002)},
},

@misc{3,
title  = {S/Kademlia: A Practicable Approach Towards Secure Key-Based Routing},
author = {I. Baumgart{,} S. Baumgart},
note   = {\url{http://www.tm.uka.de/doc/SKademlia_2007.pdf}},
year   = {(2007)},
},

@misc{4,
title  = {Remote Notifications and Triggers},
author = {G. Hall},
note   = {\url{https://github.com/Storj/sips/blob/master/sip-0003.md}},
year   = {(2016)},
},

@misc{5,
title  = {Protocols for public key cryptosystems},
author = {R.C. Merkle},
note   = {\url{http://www.merkle.com/papers/Protocols.pdf}},
year   = {(April 1980)},
},

@misc{6,
title  = {Compact Proofs of Retrievability},
author = {H. Shacham{,} B. Waters},
note   = {\url{https://cseweb.ucsd.edu/~hovav/dist/verstore.pdf}},
year   = {(2008)},
},

@misc{7,
title  = {Storj Core Class: Contract},
author = {G. Hall},
note   = {\url{http://storj.github.io/core/Contract.html}},
year   = {(2016)},
},

@misc{8,
title  = {Kad Quasar},
author = {G. Hall},
note   = {\url{https://github.com/kadtools/kad-quasar}},
year   = {(2016)},
},

@misc{9,
title  = {Quasar: A Probabilistic Publish-Subscribe System for Social Networks},
author = {B. Wong{,} S. Guha},
note   = {\url{http://research.microsoft.com/en-us/um/people/saikat/pub/iptps08-quasar.pdf}},
year   = {(2008)},
},

@misc{10,
title  = {Space/time trade-offs in hash coding with allowable errors},
author = {B. Bloom},
note   = {\url{http://dmod.eu/deca/ft_gateway.cfm.pdf}},
year   = {(1970)},
},

@misc{11,
title  = {Storj Core Tutorial: Publishing Storage Contracts},
author = {G. Hall},
note   = {\url{http://storj.github.io/core/tutorial-contract-topics.html}},
year   = {(2016)},
},

@misc{12,
title  = {KFS},
author = {G. Hall},
note   = {\url{https://storj.github.io/kfs/}},
year   = {(2016)},
},

@misc{13,
title  = {KFS Tutorial: Performance Testing the Changes},
author = {P. Gerbes},
note   = {\url{https://storj.github.io/kfs/tutorial-performance-testing.html}},
year   = {(2016)},
},

@misc{14,
title  = {Diglet Server},
author = {G. Hall},
note   = {\url{http://diglet.me}},
year   = {(2016)},
},

@misc{15,
title  = {Storj Core Tutorial: Transferring File Shards},
author = {G. Hall},
note   = {\url{http://storj.github.io/core/tutorial-data-channels.html}},
year   = {(2016)},
},

@misc{16,
title  = {Storj Core},
author = {G. Hall},
note   = {\url{http://storj.github.io/core/}},
year   = {(2016)},
},

@misc{17,
title  = {A Next-Generation Smart Contract and Decentralized Application Platform},
author = {V. Buterin et al.},
note   = {\url{https://github.com/ethereum/wiki/wiki/White-Paper}},
year   = {(2014)},
},

@misc{18,
title  = {IPFS - Content Addressed, Versioned, P2P File System},
author = {J. Benet},
note   = {\url{https://github.com/ipfs/ipfs/blob/master/papers/ipfs-cap2pfs/ipfs-p2p-file-system.pdf}},
year   = {(2014)},
},

@misc{19,
title  = {The EigenTrust Algorithm for Reputation Management in P2P Networks},
author = {S. Kamvar{,} M. Schlosser{,} H. Garcia-Molina},
note   = {\url{http://ilpubs.stanford.edu:8090/562/1/2002-56.pdf}},
year   = {(2003)},
},

@misc{20,
title  = {EigenTrust++: Attack Resilient Trust Management},
author = {X. Fan{,} L. Liu{,} M. Li{,} Z. Su},
note   = {\url{https://pdfs.semanticscholar.org/c5a6/c05d833179073e3517be6c7e7ab0c9d59b29.pdf}},
year   = {(2012)},
},

@misc{21,
title  = {NEM Technical Reference},
author = {M. Takemiya et al.},
note   = {\url{https://www.nem.io/NEM_techRef.pdf}},
year   = {(2015)},
},

@misc{22,
title  = {TrustDavis: A Non-Exploitable Online Reputation System},
author = {D. DeFigueiredo{,} E. Barr},
note   = {\url{http://earlbarr.com/publications/trustdavis.pdf}},
year   = {(2005)},
},

@misc{23,
title  = {Bounding Sybil Attacks with Identity Cost},
author = {S. Wilkinson{,} J. Prestwich},
note   = {\url{https://github.com/Storj/sips/blob/master/sip-0002.md}},
year   = {(2016)},
},

@misc{24,
title  = {},
author = {},
note   = {},
year   = {()},
},

@misc{25,
title  = {},
author = {},
note   = {},
year   = {()},
},
